<?xml version="1.0" encoding="UTF-8"?>
<collection xmlns:xsi="http://www.w3.org/2001/XMLSchema-instance" xsi:schemaLocation="http://www.loc.gov/MARC21/slim http://www.loc.gov/standards/marcxml/schema/MARC21slim.xsd" xmlns="http://www.loc.gov/MARC21/slim">
<record>
  <leader>00649cam a2200193 u 4500</leader>
  <controlfield tag="001">647577</controlfield>
  <controlfield tag="003">NNC</controlfield>
  <controlfield tag="005">20100307233104.0</controlfield>
  <controlfield tag="008">880509s1929    ua |||||||||||||||||ara||</controlfield>
  <datafield tag="035" ind1=" " ind2=" ">
    <subfield code="a">(OCoLC)60601318</subfield>
  </datafield>
  <datafield tag="035" ind1=" " ind2=" ">
    <subfield code="a">(OCoLC)ocm60601318</subfield>
  </datafield>
  <datafield tag="035" ind1=" " ind2=" ">
    <subfield code="a">(CStRLIN)NYCG88-B33149</subfield>
  </datafield>
  <datafield tag="035" ind1=" " ind2=" ">
    <subfield code="9">ACV4647CU</subfield>
  </datafield>
  <datafield tag="035" ind1=" " ind2=" ">
    <subfield code="a">(NNC)647577</subfield>
  </datafield>
  <datafield tag="100" ind1="1" ind2="0">
    <subfield code="a">Manbijī, Muḥammad ibn Muḥammad,</subfield>
    <subfield code="d">fl. 1375.</subfield>
  </datafield>
  <datafield tag="245" ind1="1" ind2="0">
    <subfield code="a">Tasliyat ahl al-maṣāʾib /</subfield>
    <subfield code="c">li- Abī ʻAbd Allāh Muḥammad ibn Muḥammad ibn Muḥammad al-Manbijī al-Ḥanbalī.</subfield>
  </datafield>
  <datafield tag="260" ind1="0" ind2=" ">
    <subfield code="a">[Cairo] :</subfield>
    <subfield code="b">Maktabat al-Khanji,</subfield>
    <subfield code="c">1929.</subfield>
  </datafield>
  <datafield tag="300" ind1=" " ind2=" ">
    <subfield code="a">228 p.</subfield>
  </datafield>
  <datafield tag="650" ind1=" " ind2="0">
    <subfield code="a">Consolation (Islam)</subfield>
    <subfield code="x">Early works to 1800.</subfield>
  </datafield>
  <datafield tag="955" ind1=" " ind2=" ">
    <subfield code="b">CU59576022</subfield>
    <subfield code="d">off,glx</subfield>
    <subfield code="e">ME06588</subfield>
  </datafield>
</record>
</collection>